<record><leader>00000cas a2200000Ma 4500</leader><controlfield tag="001">213716935</controlfield><controlfield tag="007">hd afu---bucu</controlfield><controlfield tag="007">cr cnu||||||||</controlfield><controlfield tag="008">840203d18892001gaudr nea     0    0eng  </controlfield><datafield ind1=" " ind2=" " tag="010"><subfield code="a">sn 82015426 </subfield></datafield><datafield ind1=" " ind2=" " tag="040"><subfield code="a">DLC</subfield><subfield code="b">eng</subfield><subfield code="c">CUY</subfield><subfield code="d">OCLCF</subfield><subfield code="d">OCLCO</subfield></datafield><datafield ind1=" " ind2=" " tag="043"><subfield code="a">n-us-ga</subfield></datafield><datafield ind1="0" ind2="0" tag="050"><subfield code="a">Newspaper N&amp;CPR</subfield></datafield><datafield ind1="0" ind2=" " tag="130"><subfield code="a">Atlanta journal (Atlanta, Ga. : 1889)</subfield></datafield><datafield ind1="0" ind2="4" tag="245"><subfield code="a">The Atlanta journal.</subfield></datafield><datafield ind1="3" ind2=" " tag="246"><subfield code="a">Atlanta journal and the Atlanta constitution</subfield></datafield><datafield ind1="3" ind2=" " tag="246"><subfield code="a">Atlanta journal the Atlanta constitution</subfield></datafield><datafield ind1="1" ind2="7" tag="246"><subfield code="a">Atlanta journal-constitution</subfield><subfield code="f">&lt;Mar. 31, 2000&gt;</subfield></datafield><datafield ind1=" " ind2=" " tag="260"><subfield code="a">Atlanta, Ga. :</subfield><subfield code="b">Atlanta Journal,</subfield><subfield code="c">1889-2001.</subfield></datafield><datafield ind1=" " ind2=" " tag="300"><subfield code="a">v.</subfield></datafield><datafield ind1=" " ind2=" " tag="310"><subfield code="a">Daily</subfield></datafield><datafield ind1=" " ind2=" " tag="321"><subfield code="a">Daily (except Sun.)</subfield></datafield><datafield ind1="0" ind2=" " tag="362"><subfield code="a">Vol. 6, no. 33 (Apr. 8, 1889)-v. 53, no. 47 (Nov. 4, 2001).</subfield></datafield><datafield ind1=" " ind2=" " tag="500"><subfield code="a">Issues for Sun. and Mon. June 4, 1950-Sept. 11, 1976 and for Sat. and Sun. Sept. 18, 1976- published as: Atlanta journal and the Atlanta constitution.</subfield></datafield><datafield ind1=" " ind2=" " tag="500"><subfield code="a">Issues for Sat. and Sun. &lt;1992-1995&gt; published as: Atlanta journal the Atlanta constitution.</subfield></datafield><datafield ind1=" " ind2=" " tag="525"><subfield code="a">Some issues have supplement called: Juvenile journal.</subfield></datafield><datafield ind1=" " ind2=" " tag="530"><subfield code="a">Also available via the Internet.</subfield></datafield><datafield ind1=" " ind2=" " tag="533"><subfield code="a">Microfilm.</subfield><subfield code="e">microfilm reels.</subfield></datafield><datafield ind1=" " ind2=" " tag="580"><subfield code="a">Merged with: Atlanta Constitution (Atlanta, Ga. : 1881), to form: Atlanta journal-constitution (Atlanta, Ga. : 2001).</subfield></datafield><datafield ind1=" " ind2="0" tag="651"><subfield code="a">Atlanta (Ga.)</subfield><subfield code="v">Newspapers.</subfield></datafield><datafield ind1=" " ind2="0" tag="651"><subfield code="a">Fulton County (Ga.)</subfield><subfield code="v">Newspapers.</subfield></datafield><datafield ind1=" " ind2="7" tag="655"><subfield code="a">Newspapers.</subfield><subfield code="2">fast</subfield><subfield code="0">(OCoLC)fst01423814</subfield></datafield><datafield ind1=" " ind2="7" tag="651"><subfield code="a">Georgia</subfield><subfield code="z">Atlanta.</subfield><subfield code="2">fast</subfield><subfield code="0">(OCoLC)fst01204627</subfield></datafield><datafield ind1=" " ind2="7" tag="651"><subfield code="a">Georgia</subfield><subfield code="z">Fulton County.</subfield><subfield code="2">fast</subfield><subfield code="0">(OCoLC)fst01211153</subfield></datafield><datafield ind1="0" ind2="2" tag="740"><subfield code="a">Juvenile journal.</subfield></datafield><datafield ind1=" " ind2=" " tag="752"><subfield code="a">United States</subfield><subfield code="b">Georgia</subfield><subfield code="c">Fulton</subfield><subfield code="d">Atlanta.</subfield></datafield><datafield ind1="0" ind2=" " tag="775"><subfield code="t">Atlanta weekly journal</subfield></datafield><datafield ind1="0" ind2=" " tag="775"><subfield code="t">Atlanta semi-weekly journal</subfield></datafield><datafield ind1="0" ind2=" " tag="775"><subfield code="t">Atlanta tri-weekly journal</subfield></datafield><datafield ind1="0" ind2="0" tag="780"><subfield code="t">Evening journal (Atlanta, Ga.)</subfield></datafield><datafield ind1="0" ind2="5" tag="780"><subfield code="t">Atlanta Georgian (Atlanta, Ga. : 1912)</subfield></datafield><datafield ind1="1" ind2="7" tag="785"><subfield code="t">Atlanta constitution (Atlanta, Ga. : 1881)</subfield></datafield><datafield ind1="1" ind2="7" tag="785"><subfield code="t">Atlanta journal-constitution (Atlanta, Ga. : 2001)</subfield></datafield><datafield ind1="4" ind2="1" tag="856"><subfield code="u">http://www.accessatlanta.com/ajc/</subfield></datafield></record>